%
%  An example of a bibliographical database for bibTeX
%
%  Recommended software for maintenance of *.bib files:
%    JabRef, http://jabref.sourceforge.net/
%
%  BEWARE:
%
%    *  If a name contains a capital letter, which must be kept such,
%       use curly brackets ({T}hailand, {HIV}).
%
%  ===========================================================================

@book{bona,
  title={Combinatorics of permutations},
  author={B{\'o}na, Mikl{\'o}s},
  year={2012},
  publisher={CRC Press}
}

@book{kitaev,
  title={Patterns in permutations and words},
  author={Kitaev, Sergey},
  year={2011},
  publisher={Springer Science \& Business Media}
}

@article{fox,
  title={Stanley-{W}ilf limits are typically exponential},
  author={Fox, Jacob},
  journal={arXiv:1310.8378},
  year={2013}
}

@article{efrat,
  title={A near-linear algorithm for the planar segment-center problem},
  author={Efrat, Alon and Sharir, Micha},
  journal={Discrete \& Computational Geometry},
  volume={16},
  number={3},
  pages={239--257},
  year={1996},
  publisher={Springer}
}

@article{tardos,
  title={On 0--1 matrices and small excluded submatrices},
  author={Tardos, G{\'a}bor},
  journal={Journal of Combinatorial Theory, Series A},
  volume={111},
  number={2},
  pages={266--288},
  year={2005},
  publisher={Elsevier}
}

@article{furedi,
  title={Davenport--{S}chinzel theory of matrices},
  author={F{\"u}redi, Zolt{\'a}n and Hajnal, P{\'e}ter},
  journal={Discrete Mathematics},
  volume={103},
  number={3},
  pages={233--251},
  year={1992},
  publisher={Elsevier}
}

@incollection{brass,
  title={A Tur{\'a}n-type extremal theory of convex geometric graphs},
  author={Brass, Peter and K{\'a}rolyi, Gyula and Valtr, Pavel},
  booktitle={Discrete and computational geometry},
  pages={275--300},
  year={2003},
  publisher={Springer}
}

@article{claesson,
  title={Upper bounds for the {S}tanley--{W}ilf limit of 1324 and other layered patterns},
  author={Claesson, Anders and Jel{\'\i}nek, V{\'\i}t and Steingr{\'\i}msson, Einar},
  journal={Journal of Combinatorial Theory, Series A},
  volume={119},
  number={8},
  pages={1680--1691},
  year={2012},
  publisher={Elsevier}
}

@article{klazar,
  title={Extremal problems for ordered (hyper) graphs: applications of {D}avenport--{S}chinzel sequences},
  author={Klazar, Martin},
  journal={European Journal of Combinatorics},
  volume={25},
  number={1},
  pages={125--140},
  year={2004},
  publisher={Elsevier}
}

@article{pach,
  title={Forbidden paths and cycles in ordered graphs and matrices},
  author={Pach, J{\'a}nos and Tardos, G{\'a}bor},
  journal={Israel Journal of Mathematics},
  volume={155},
  number={1},
  pages={359--380},
  year={2006},
  publisher={Springer}
}

@article{fulek,
  title={Linear bound on extremal functions of some forbidden patterns in 0--1 matrices},
  author={Fulek, Radoslav},
  journal={Discrete Mathematics},
  volume={309},
  number={6},
  pages={1736--1739},
  year={2009},
  publisher={Elsevier}
}

@article{kyncl,
  title={F{\"u}redi-{H}ajnal limits are typically subexponential},
  author={Cibulka, Josef and Kyn{\v{c}}l, Jan},
  journal={arXiv preprint arXiv:1607.07491},
  year={2016}
}

@article{marcus,
  title={Excluded permutation matrices and the {S}tanley--{W}ilf conjecture},
  author={Marcus, Adam and Tardos, G{\'a}bor},
  journal={Journal of Combinatorial Theory, Series A},
  volume={107},
  number={1},
  pages={153--160},
  year={2004},
  publisher={Elsevier}
}

@phdthesis{cibulka,
  title={Extremal combinatorics of matrices, sequences and sets of permutations},
  author={Cibulka, Josef},
  year={2013},
  school={Ph. D. Thesis, Charles University, Prague}
}

@article{cibulka09,
  title={On constants in the {F}{\"u}redi--{H}ajnal and the {S}tanley--{W}ilf conjecture},
  author={Cibulka, Josef},
  journal={Journal of Combinatorial Theory, Series A},
  volume={116},
  number={2},
  pages={290--302},
  year={2009},
  publisher={Elsevier}
}

@article{bigraphs,
  title={Interval minors of complete bipartite graphs},
  author={Mohar, Bojan and Rafiey, Arash and Tayfeh-Rezaie, Behruz and Wu, Hehui},
  journal={Journal of Graph Theory},
  year={2015},
  publisher={Wiley Online Library}
}

@article{multipartite,
  title={Interval minors of complete multipartite graphs},
  author={Mao, Yaping and Lai, Hongjian and Wang, Zhao and Guo, Zhiwei},
  journal={arXiv preprint arXiv:1508.01263},
  year={2015}
}

@article{p33,
  title={On graphs that do not contain a {T}homsen graph},
  author={Brown, William G},
  journal={Canad. Math. Bull},
  volume={9},
  number={2},
  pages={1--2},
  year={1966}
}

@article{complex,
  title={Pattern matching for permutations},
  author={Bose, Prosenjit and Buss, Jonathan F and Lubiw, Anna},
  journal={Information Processing Letters},
  volume={65},
  number={5},
  pages={277--283},
  year={1998},
  publisher={Elsevier}
}

@article{higman,
  title={Ordering by divisibility in abstract algebras},
  author={Higman, Graham},
  journal={Proceedings of the London Mathematical Society},
  volume={3},
  number={1},
  pages={326--336},
  year={1952},
  publisher={Wiley Online Library}
}
